<record><leader>00000cas a22000007a 4500</leader><controlfield tag="001">12709259</controlfield><controlfield tag="008">851023d19631963iauwr ne      0    0eng d</controlfield><datafield ind1=" " ind2=" " tag="010"><subfield code="a">sn 85049799 </subfield></datafield><datafield ind1=" " ind2=" " tag="040"><subfield code="a">INP</subfield><subfield code="b">eng</subfield><subfield code="c">INP</subfield><subfield code="d">OCLCQ</subfield></datafield><datafield ind1=" " ind2=" " tag="042"><subfield code="a">msc</subfield></datafield><datafield ind1="0" ind2="0" tag="245"><subfield code="a">Northwest sun.</subfield></datafield><datafield ind1=" " ind2=" " tag="260"><subfield code="a">[S.l. :</subfield><subfield code="b">Dave Gregory],</subfield><subfield code="c">1963-</subfield></datafield><datafield ind1=" " ind2=" " tag="300"><subfield code="a">v. :</subfield><subfield code="b">ill.</subfield></datafield><datafield ind1=" " ind2=" " tag="310"><subfield code="a">Weekly</subfield></datafield><datafield ind1="0" ind2=" " tag="362"><subfield code="a">Vol. 1, no. 1 (Sept. 5, 1963)-</subfield></datafield><datafield ind1="1" ind2=" " tag="362"><subfield code="a">Ceased Dec. 6, 1963?</subfield></datafield><datafield ind1=" " ind2=" " tag="500"><subfield code="a">"An Independent NEWSpaper."</subfield></datafield><datafield ind1=" " ind2=" " tag="500"><subfield code="a">"The Northwest Sun serves Northwest Des Moines, Urbandale, Windsor Heights and Clive."</subfield></datafield><datafield ind1=" " ind2=" " tag="500"><subfield code="a">Editor: Dave Gregory.</subfield></datafield><datafield ind1=" " ind2=" " tag="752"><subfield code="a">United States</subfield><subfield code="b">Iowa</subfield><subfield code="c">Polk</subfield><subfield code="d">Des Moines.</subfield></datafield><datafield ind1=" " ind2=" " tag="752"><subfield code="a">United States</subfield><subfield code="b">Iowa</subfield><subfield code="c">Polk</subfield><subfield code="d">Urbandale.</subfield></datafield><datafield ind1=" " ind2=" " tag="752"><subfield code="a">United States</subfield><subfield code="b">Iowa</subfield><subfield code="c">Polk</subfield><subfield code="d">Windsor Heights.</subfield></datafield><datafield ind1=" " ind2=" " tag="752"><subfield code="a">United States</subfield><subfield code="b">Iowa</subfield><subfield code="c">Polk</subfield><subfield code="d">Clive.</subfield></datafield><datafield ind1="0" ind2="7" tag="785"><subfield code="t">Urbanews (Urbandale, Iowa : 1954)</subfield><subfield code="w">(DLC)sn 85049800</subfield></datafield><datafield ind1="0" ind2="7" tag="785"><subfield code="t">Urbandale news-sun</subfield><subfield code="w">(DLC)sn 85049801</subfield></datafield><datafield ind1="1" ind2=" " tag="029"><subfield code="a">AU@</subfield><subfield code="b">000025785041</subfield></datafield></record>